<?xml version="1.0" encoding="UTF-8"?><collection xmlns="http://www.loc.gov/MARC21/slim"><record><leader>00609nam--2200181-i-4500</leader><controlfield tag="001">000010566</controlfield><controlfield tag="002">20161230</controlfield><controlfield tag="005">20161230201028</controlfield><controlfield tag="008">060222s1000------------r-----000-0-fre-d</controlfield><datafield ind1=" " ind2=" " tag="040"><subfield code="a">IFIN-HH</subfield></datafield><datafield ind1=" " ind2=" " tag="041"><subfield code="a">fre</subfield></datafield><datafield ind1=" " ind2=" " tag="080"><subfield code="a">015:537.533.2:539.124.185</subfield></datafield><datafield ind1="1" ind2=" " tag="100"><subfield code="a">Coiffet, Philippe</subfield></datafield><datafield ind1="1" ind2="0" tag="245"><subfield code="a">Les faisceaux d'electrons libres polarises. etude et realisation d'une source utilisant photonique d'un jet atomique oriente article principal</subfield><subfield code="b">These</subfield><subfield code="c">Phillipe coiffet</subfield></datafield><datafield ind1=" " ind2=" " tag="260"><subfield code="a">Orsay</subfield><subfield code="b">Faculte Des Sciences D Orsay</subfield><subfield code="c">1970</subfield></datafield><datafield ind1=" " ind2=" " tag="300"><subfield code="a">6P. /113-118</subfield></datafield><datafield ind1=" " ind2=" " tag="852"><subfield code="a">38231</subfield><subfield code="c">537.533</subfield></datafield><datafield ind1=" " ind2=" " tag="CAT"><subfield code="a">Sys</subfield><subfield code="c">20110829</subfield><subfield code="h">163226</subfield></datafield></record></collection>